<?xml version="1.0" encoding="UTF-8"?><collection xmlns="http://www.loc.gov/MARC21/slim"><record><leader>00488nam--2200193-u-4500</leader><controlfield tag="001">000052687</controlfield><controlfield tag="002">20161230</controlfield><controlfield tag="005">20161230201050</controlfield><controlfield tag="008">101002s1000------------r-----000-0-rus-d</controlfield><datafield ind1=" " ind2=" " tag="040"><subfield code="a">IFIN-HH</subfield></datafield><datafield ind1=" " ind2=" " tag="041"><subfield code="a">rus</subfield></datafield><datafield ind1=" " ind2=" " tag="080"><subfield code="a">533.9</subfield></datafield><datafield ind1="1" ind2=" " tag="100"><subfield code="a">Albert, Ia.L</subfield></datafield><datafield ind1="1" ind2="0" tag="245"><subfield code="a">Volni i iskusstvennie tela v prizemnoi plazme</subfield><subfield code="c">Ia.L. Albert</subfield></datafield><datafield ind1=" " ind2=" " tag="260"><subfield code="a">Moskva</subfield><subfield code="b">Nauka</subfield><subfield code="c">1974</subfield></datafield><datafield ind1=" " ind2=" " tag="300"><subfield code="a">214p</subfield></datafield><datafield ind1=" " ind2=" " tag="490"><subfield code="a">Sovremennie problemi fiziki</subfield></datafield><datafield ind1=" " ind2=" " tag="852"><subfield code="a">77202</subfield><subfield code="c">533.9</subfield></datafield><datafield ind1=" " ind2=" " tag="CAT"><subfield code="a">Sys</subfield><subfield code="c">20101002</subfield><subfield code="h">154524</subfield></datafield></record></collection>